@book{solids,
	author = "M.A. Wahab",
	title = "Solid State Physics",
	year = "2005",
	publisher = "Alpha Science"
}

@book{orangejuicelife,
	author = "Mia Young",
	title = "How long Does Orange Juice Last",
	year = "2020",
	publisher = "Juicebuff"
}

@book{liquids,
	author = "F. White ",
	title = "Fluid Mechanics",
	year = "2003",
	publisher = "McGraw-Hill"
}

@book{gases,
	author = "G. Turrell",
	title = "Gas Dynamics: Theory and Applications",
	year = "1997",
	publisher = "John Wiley and Sons"
}

@book{plasma,
	author = "Chu, P.K; Lu XinPel",
	title = "Low temperature Plalsma Technology: Methods and Applications",
	year = "2013",
	publisher = "CRC Press"
}

@book{orangejuicecost,
	author = "Markets",
	title = "Orange Juice",
	year = "2021",
	publisher = "Business Insider"
}

@book{glasslife,
	author = "McGarry and Madsen",
	title = "What is the Average life expectency of house components",
	year = "2018",
	publisher = "How to look at a House"
}

@book{glasscost,
	author = "McGarry and Madsen",
	title = "A Window Glass Price Guide",
	year = "2015-2021",
	publisher = "Home Advancement"
}

@book{wallcost,
	author = "Check a Trade",
	title = "Cost to Build a Brick Wall",
	year = "2016-2021",
	publisher = "CheckaTrade"
}

@book{glassdef,
	author = "Gibbs, Philip",
	title = "Is glass liquid or solid?",
	year = "2007",
	publisher = "UCR Department of Mathematics"
}

@book{firedef,
	author = "AstroCamp",
	title = "Is fire a plasma?",
	year = "2016",
	publisher = "AstroCamp"
}
